<record><leader>00000cas a22000007a 4500</leader><controlfield tag="001">13776481</controlfield><controlfield tag="008">860625d19071911nvuwr ne      0    0eng d</controlfield><datafield ind1=" " ind2=" " tag="010"><subfield code="a">sn 86076257 </subfield></datafield><datafield ind1=" " ind2=" " tag="040"><subfield code="a">NNX</subfield><subfield code="b">eng</subfield><subfield code="c">NNX</subfield><subfield code="d">OCLCQ</subfield></datafield><datafield ind1=" " ind2=" " tag="042"><subfield code="a">msc</subfield></datafield><datafield ind1="0" ind2="4" tag="245"><subfield code="a">The Battle Mountain herald and central Nevadan.</subfield></datafield><datafield ind1=" " ind2=" " tag="260"><subfield code="a">Battle Mountain, Nev. :</subfield><subfield code="b">[s.n.],</subfield><subfield code="c">1907-1911.</subfield></datafield><datafield ind1=" " ind2=" " tag="300"><subfield code="a">4 v.</subfield></datafield><datafield ind1=" " ind2=" " tag="310"><subfield code="a">Weekly</subfield></datafield><datafield ind1="0" ind2=" " tag="362"><subfield code="a">Vol. 1, no. 11=Vol. 19, no. 26 (Dec. 19, 1907)-v. 4, no. 36=v. 22, no. 39 (May 18, 1911).</subfield></datafield><datafield ind1=" " ind2=" " tag="752"><subfield code="a">United States</subfield><subfield code="b">Nevada</subfield><subfield code="c">Lander</subfield><subfield code="d">Battle Mountain.</subfield></datafield><datafield ind1="0" ind2="4" tag="780"><subfield code="t">Battle Mountain herald</subfield></datafield><datafield ind1="0" ind2="4" tag="780"><subfield code="t">Central Nevadan</subfield><subfield code="w">(DLC)sn 86076270</subfield></datafield></record>